@misc{titanic,
    author = {Will Cukierski},
    title = {Titanic - Machine Learning from Disaster},
    year = {2012},
    howpublished = {\url{https://kaggle.com/competitions/titanic}},
    note = {Kaggle}
}
